@article{AuthorYear,
  title={Some Example Title},
  author={Name S. Author},
  journal={Some Example Journal},
  volume={1},
  number={2},
  pages={11--111},
  year={2021}
}

@misc{ModelMcCullochPitts,
	title        = {Модель МакКаллока-Питтса},
	howpublished = {\url{http://www.machinelearning.ru/wiki/index.php?title=Модель_МакКаллока-Питтса}},
	note         = {Доступ 29.10.2024}
}

@misc{VorontsovSite,
	title        = {Лекции по машинному обучению К.В.Воронцова},
	howpublished = {\url{http://www.machinelearning.ru/wiki/index.php?title=Машинное_обучение_(курс_лекций,_К.В.Воронцов)}},
	note         = {Доступ 31.10.2024}
}
