@book{Anisimov2005,
  author    = {Анисимов Н.С. (ред.)},
  title     = {Физкультура при близорукости},
  year      = {2005},
  publisher = {М.}
}

@book{Artamonova2010,
  author    = {Артамонова Л.Л., Панфилов О.П., Борисова В.В.},
  title     = {Лечебная и адаптивно-оздоровительная физическая культура: Учебное пособие для вузов},
  year      = {2010},
  publisher = {Владос Пресс},
  address   = {Москва}
}

@book{Vayner2008,
  author    = {Вайнер Э.Н.},
  title     = {Валеология: Учебник для вузов},
  edition   = {5-е изд.},
  year      = {2008},
  publisher = {М.}
}

@book{Vayner2005,
  author    = {Вайнер Э.Н.},
  title     = {Методология и практика формирования безопасной здоровьесберегающей образовательной среды},
  year      = {2005},
  publisher = {Краснодар}
}

@book{Gotovtsev1984,
  author    = {Готовцев П.И., Дубровский В.И.},
  title     = {Самоконтроль при занятиях физической культурой},
  year      = {1984},
  publisher = {ФиС.},
  address   = {М.}
}

@book{Dubrovsky1999,
  author    = {Дубровский В.И.},
  title     = {Лечебная физическая культура: Учебник для вузов},
  year      = {1999},
  publisher = {Владос},
  address   = {М.}
}

@book{Evseev2000,
  author    = {Евсеев С.П., Шапкова Л.В.},
  title     = {Адаптивная физическая культура: Учебное пособие},
  year      = {2000},
  publisher = {Советский спорт},
  address   = {Москва}
}

@article{Zhuravleva2006,
  author  = {Журавлева А.И.},
  title   = {Физиология физических упражнений-теория и практика лечебной физкультуры},
  journal = {ЛФК и массаж},
  year    = {2006},
  volume  = {5}
}

@book{Kastunin2008,
  author    = {Кастюнин А.С., Вайнер Э.Н.},
  title     = {Здоровый позвоночник и плавание},
  year      = {2008},
  publisher = {Липецк}
}

@book{Cooper1976,
  author    = {Кеннет Купер},
  title     = {Новая аэробика},
  year      = {1976},
  publisher = {ФИС},
  address   = {М.}
}

@book{Kochetkova2003,
  author    = {Кочеткова И.Н.},
  title     = {Парадоксальная гимнастика Стрельниковой},
  year      = {2003},
  publisher = {М.}
}

@book{Athletics1984,
  title     = {Легкая атлетика. Правила соревнований},
  year      = {1984},
  publisher = {ФИС},
  address   = {М.}
}

@book{Skiing1980,
  title     = {Лыжный спорт. Учебник для институтов физической культуры},
  year      = {1980},
  publisher = {ФИС},
  address   = {М.}
}

@book{Medvedev2004,
  author    = {Медведев В.И.},
  title     = {Физиологические принципы разработки режимов труда и отдыха},
  year      = {2004},
  publisher = {Л.}
}

@book{Popov2005,
  author    = {Попов Н.С.},
  title     = {Лечебная физическая культура},
  edition   = {2-е изд.},
  year      = {2005},
  publisher = {Академия},
  address   = {М.}
}

@book{Seluyanov2001,
  author    = {Селуянов В.Н.},
  title     = {Технология оздоровительной физической культуры},
  year      = {2001},
  publisher = {М.}
}

@book{SpecialTraining2001,
  author    = {Раменская Т.И.},
  title     = {Специальная подготовка лыжника},
  year      = {2001},
  publisher = {СпортАкадемПресс},
  address   = {М.}
}

@book{SportsMedicine1999,
  title     = {Спортивная медицина},
  year      = {1999},
  publisher = {ВЛАДОС},
  address   = {М.}
}

@book{SportsPhysiology1986,
  title     = {Спортивная физиология},
  year      = {1986},
  publisher = {ФИС},
  address   = {М.}
}

@book{SportsMassage1975,
  title     = {Спортивный массаж},
  year      = {1975},
  publisher = {ФИС},
  address   = {М.}
}

@book{PhysicalCulture2000,
  title     = {Физическая культура студента},
  year      = {2000},
  publisher = {ГАРДАРИКИ},
  address   = {М.}
}

@book{PhysicalQualities1970,
  author    = {Зациорский В.М.},
  title     = {Физические качества спортсмена},
  year      = {1970},
  publisher = {ФИС},
  address   = {М.}
}

@book{Chogovadze1986,
  author    = {Чоговадзе А.В.},
  title     = {Физическое воспитание в реабилитации студентов с ослабленным здоровьем},
  year      = {1986},
  publisher = {М.},
  edition   = {Учебное пособие для вузов}
}

@book{AthleticsSchool1968,
  title     = {Школа легкой атлетики},
  year      = {1968},
  publisher = {ФИС},
  address   = {М.}
}
