@inproceedings{shoemaker2016blossom,
  author  = {A. Shoemaker},
  title   = {Blossom Algorithm and its Implementation},
  journal = {Stanford University},
  year    = {2016},
  address = {Stanford University}
}
