@inproceedings{christofides1976,
  author    = {Nicos Christofides},
  title     = {Worst-case analysis of a new heuristic for the traveling salesman problem},
  booktitle = {Proceedings of the Symposium on Operations Research},
  year      = {1976},
  pages     = {441--447},
  publisher = {Academic Press},
  address   = {London}
}
