@article{AuthorYear,
  title={Some Example Title},
  author={Name S. Author},
  journal={Some Example Journal},
  volume={1},
  number={2},
  pages={11--111},
  year={2021}
}

@inproceedings{mann2007simple,
	title={Simple, robust, scalable semi-supervised learning via expectation regularization},
	author={Mann, Gideon S and McCallum, Andrew},
	booktitle={Proceedings of the 24th international conference on Machine learning},
	pages={593--600},
	year={2007}
}