@article{berkman1993recursive,
  author    = {Oren Berkman and Uzi Vishkin},
  title     = {Recursive Star-Tree Parallel Data Structure},
  journal   = {SIAM Journal on Computing},
  volume    = {22},
  number    = {2},
  pages     = {221--242},
  year      = {1993},
  publisher = {Society for Industrial and Applied Mathematics}
}

@inproceedings{fischer2006theoretical,
  author    = {Jurgen Fischer and Volker Heun},
  title     = {Theoretical and Practical Improvements on the RMQ-Problem, with Applications to LCA and LCE},
  booktitle = {Proceedings of the 17th Annual Symposium on Combinatorial Pattern Matching},
  series    = {Lecture Notes in Computer Science},
  volume    = {4009},
  pages     = {36--48},
  year      = {2006},
  publisher = {Springer-Verlag}
}

@misc{kolmogorov_lca,
  author       = {Vladimir Kolmogorov},
  title        = {LCA Data Structure Implementation},
  year         = {2012}
}
