@article{tem2024art,
  author    = {Tem Nikitin},
  title     = {Bullshit},
  journal   = {Vedomosti},
  volume    = {22},
  number    = {2},
  pages     = {221--242},
  year      = {1993},
  publisher = {CD Baby}
}

@inproceedings{ntheme2024art,
  author    = {N. Theme},
  title     = {Fuckshit},
  booktitle = {Ozhegov's Dictionary},
  year      = {1976},
  pages     = {441--447},
  publisher = {CD Baby},
  address   = {London}
}

@misc{sidr2024art,
  author       = {Sidr Petrov},
  title        = {LCA, LCD, LSD, LGBT},
  howpublished = {\url{https://google.com/}},
  year         = {2006},
  note         = {The implementation follows the approach}
}
