@article{AuthorYear,
  title={Some Example Title},
  author={Name S. Author},
  journal={Some Example Journal},
  volume={1},
  number={2},
  pages={11--111},
  year={2021}
}

@article{Vorontsov2010,
  title={Математические методы обучения по прецедентам},
  author={Воронцов К.В.},
  year={2010}
}
